
@article{silberzahn2018many,
	title = {Many analysts, one data set: Making transparent how variations in analytic choices affect results},
	author = {Silberzahn, Raphael and Uhlmann, Eric Luis and Martin, Daniel P and Anselmi, Pasquale and Aust, Frederik and Awtrey, Eli and {Bahník}, {{\v{S}}t{\v{e}}pán} and Bai, Feng and Bannard, Colin and Bonnier, Evelina and others, },
	year = {2018},
	date = {2018},
	journal = {Advances in Methods and Practices in Psychological Science},
	pages = {337{\textendash}356},
	volume = {1},
	number = {3},
	note = {Citation Key: silberzahn2018many
Publisher: Sage Publications Sage CA: Los Angeles, CA}
}

@article{kelley2007,
	title = {Sample size planning for the coefficient of variation from the accuracy in parameter estimation approach},
	author = {Kelley, Ken},
	year = {2007},
	month = {11},
	date = {2007-11},
	journal = {Behavior Research Methods},
	pages = {755--766},
	volume = {39},
	number = {4},
	doi = {10.3758/BF03192966},
	url = {http://link.springer.com/10.3758/BF03192966},
	langid = {en}
}

@article{maxwell2008,
	title = {Sample size planning for statistical power and accuracy in parameter estimation},
	author = {Maxwell, Scott E. and Kelley, Ken and Rausch, Joseph R.},
	year = {2008},
	date = {2008},
	journal = {Annual Review of Psychology},
	pages = {537--563},
	volume = {59},
	doi = {10.1146/annurev.psych.59.103006.093735},
	note = {PMID: 17937603},
	langid = {eng}
}

@article{chalmers2020,
	title = {Writing Effective and Reliable Monte Carlo Simulations with the SimDesign Package},
	author = {Chalmers, R. Philip and Adkins, Mark C.},
	year = {2020},
	month = {05},
	date = {2020-05-01},
	journal = {The Quantitative Methods for Psychology},
	pages = {248--280},
	volume = {16},
	number = {4},
	doi = {10.20982/tqmp.16.4.p248},
	url = {http://www.tqmp.org/RegularArticles/vol16-4/p248}
}

@article{cohen1990,
	title = {Things I have learned (so far).},
	author = {Cohen, Jacob},
	year = {1990},
	month = {12},
	date = {1990-12},
	journal = {American Psychologist},
	pages = {1304--1312},
	volume = {45},
	number = {12},
	doi = {10.1037/0003-066X.45.12.1304},
	url = {http://doi.apa.org/getdoi.cfm?doi=10.1037/0003-066X.45.12.1304},
	langid = {en}
}

@article{hardwicke2020,
	title = {An empirical assessment of transparency and reproducibility-related research practices in the social sciences (2014{\textendash}2017)},
	author = {Hardwicke, Tom E. and Wallach, Joshua D. and Kidwell, Mallory C. and Bendixen, Theiss and {Crüwell}, Sophia and Ioannidis, John P. A.},
	year = {2020},
	date = {2020},
	journal = {Royal Society Open Science},
	pages = {190806},
	volume = {7},
	number = {2},
	doi = {10.1098/rsos.190806},
	url = {https://royalsocietypublishing.org/doi/full/10.1098/rsos.190806}
}

@article{doi:10.1177/1745691620979806,
	title = {Estimating the prevalence of transparency and reproducibility-related research practices in psychology (2014{\textendash}2017)},
	author = {Hardwicke, Tom E. and Thibault, Robert T. and Kosie, Jessica E. and Wallach, Joshua D. and Kidwell, Mallory C. and Ioannidis, John P. A.},
	year = {2022},
	date = {2022},
	journal = {Perspectives on Psychological Science},
	pages = {239--251},
	volume = {17},
	number = {1},
	doi = {10.1177/1745691620979806},
	url = {https://doi.org/10.1177/1745691620979806},
	note = {Citation Key: doi:10.1177/1745691620979806
tex.eprint: https://doi.org/10.1177/1745691620979806}
}

@article{opensciencecollaboration2015,
	title = {Estimating the reproducibility of psychological science},
	author = {Open Science Collaboration, },
	year = {2015},
	date = {2015},
	journal = {Science},
	pages = {aac4716--aac4716},
	volume = {349},
	number = {6251},
	doi = {10.1126/science.aac4716},
	url = {http://www.sciencemag.org/cgi/doi/10.1126/science.aac4716%5Cnhttp://www.ncbi.nlm.nih.gov/pubmed/26315443},
	note = {ISBN: 1095-9203 (Electronic)\r0036-8075 (Linking)
PMID: 26315443}
}

@article{vazire2018,
	title = {Implications of the Credibility Revolution for Productivity, Creativity, and Progress},
	author = {Vazire, Simine},
	year = {2018},
	month = {07},
	date = {2018-07},
	journal = {Perspectives on Psychological Science},
	pages = {411--417},
	volume = {13},
	number = {4},
	doi = {10.1177/1745691617751884},
	url = {http://journals.sagepub.com/doi/10.1177/1745691617751884},
	langid = {en}
}

@techreport{stewart2020,
	title = {Pre-registration and Registered Reports: a Primer from UKRN},
	author = {Stewart, Suzanne and Rinke, Eike Mark and McGarrigle, Ronan and Lynott, Dermot and Lunny, Carole and Lautarescu, Alexandra and Galizzi, Matteo M and Farran, Emily Kate and Crook, Zander},
	year = {2020},
	month = {10},
	date = {2020-10-30},
	doi = {10.31219/osf.io/8v2n7},
	url = {https://osf.io/8v2n7},
	note = {DOI: 10.31219/osf.io/8v2n7}
}

@article{d.chambers2014,
	title = {Instead of {\textquotedblleft}playing the game{\textquotedblright} it is time to change the rules: Registered Reports at AIMS Neuroscience and beyond},
	author = {D. Chambers, Christopher and Feredoes, Eva and D. Muthukumaraswamy, Suresh and J. Etchells, Peter and {1 Cardiff University Brain Research Imaging Centre, School of Psychology, Cardiff University;}, },
	year = {2014},
	date = {2014},
	journal = {AIMS Neuroscience},
	pages = {4--17},
	volume = {1},
	number = {1},
	doi = {10.3934/Neuroscience.2014.1.4},
	url = {http://www.aimspress.com/article/10.3934/Neuroscience.2014.1.4},
	langid = {en}
}

@article{nosek2014,
	title = {Registered Reports: A Method to Increase the Credibility of Published Results},
	author = {Nosek, Brian A. and Lakens, {Daniël}},
	year = {2014},
	month = {05},
	date = {2014-05-01},
	journal = {Social Psychology},
	pages = {137--141},
	volume = {45},
	number = {3},
	doi = {10.1027/1864-9335/a000192},
	url = {https://econtent.hogrefe.com/doi/10.1027/1864-9335/a000192},
	langid = {en}
}

@article{rosenthal1979,
	title = {The file drawer problem and tolerance for null results.},
	author = {Rosenthal, Robert},
	year = {1979},
	month = {05},
	date = {1979-05},
	journal = {Psychological Bulletin},
	pages = {638--641},
	volume = {86},
	number = {3},
	doi = {10.1037/0033-2909.86.3.638},
	url = {http://doi.apa.org/getdoi.cfm?doi=10.1037/0033-2909.86.3.638},
	langid = {en}
}

@article{simmons2011,
	title = {False-positive psychology: Undisclosed flexibility in data collection and analysis allows presenting anything as significant},
	author = {Simmons, Joseph P. and Nelson, Leif D. and Simonsohn, Uri},
	year = {2011},
	month = {11},
	date = {2011-11},
	journal = {Psychological Science},
	pages = {1359--1366},
	volume = {22},
	number = {11},
	doi = {10.1177/0956797611417632},
	url = {http://journals.sagepub.com/doi/10.1177/0956797611417632},
	note = {ISBN: 1467-9280 (Electronic)\n0956-7976 (Linking)
PMID: 22006061}
}

@article{halpern2002,
	title = {The Continuing Unethical Conduct of Underpowered Clinical Trials},
	author = {Halpern, Scott D.},
	year = {2002},
	month = {07},
	date = {2002-07-17},
	journal = {JAMA},
	pages = {358},
	volume = {288},
	number = {3},
	doi = {10.1001/jama.288.3.358},
	url = {http://jama.jamanetwork.com/article.aspx?doi=10.1001/jama.288.3.358},
	langid = {en}
}

@article{beribisky2019,
	title = {A Multi-Faceted Mess: A Review of Statistical Power Analysis in Psychology Journal Articles},
	author = {Beribisky, Nataly},
	year = {2019},
	month = {06},
	date = {2019-06},
	url = {https://yorkspace.library.yorku.ca/xmlui/handle/10315/36719},
	note = {Accepted: 2019-11-22T18:46:29Z},
	langid = {en}
}

@article{faul2007,
	title = {G*Power 3: A flexible statistical power analysis program for the social, behavioral, and biomedical sciences},
	author = {Faul, Franz and Erdfelder, Edgar and Lang, Albert-Georg and Buchner, Axel},
	year = {2007},
	month = {05},
	date = {2007-05-01},
	journal = {Behavior Research Methods},
	pages = {175--191},
	volume = {39},
	number = {2},
	doi = {10.3758/BF03193146},
	url = {https://doi.org/10.3758/BF03193146},
	langid = {en}
}

@article{erdfelder1996,
	title = {GPOWER: A general power analysis program},
	author = {Erdfelder, Edgar and Faul, Franz and Buchner, Axel},
	year = {1996},
	month = {03},
	date = {1996-03-01},
	journal = {Behavior Research Methods, Instruments, & Computers},
	pages = {1--11},
	volume = {28},
	number = {1},
	doi = {10.3758/BF03203630},
	url = {https://doi.org/10.3758/BF03203630},
	langid = {en}
}

@article{anderson2017,
	title = {Sample-Size Planning for More Accurate Statistical Power: A Method Adjusting Sample Effect Sizes for Publication Bias and Uncertainty},
	author = {Anderson, Samantha F. and Kelley, Ken and Maxwell, Scott E.},
	year = {2017},
	month = {11},
	date = {2017-11},
	journal = {Psychological Science},
	pages = {1547--1562},
	volume = {28},
	number = {11},
	doi = {10.1177/0956797617723724},
	url = {http://journals.sagepub.com/doi/10.1177/0956797617723724},
	langid = {en}
}

@article{champely2017,
	title = {pwr: Basic functions for power analysis},
	author = {Champely, Stephane and Ekstrom, Claus and Dalgaard, Peter and Gill, Jeffrey and Weibelzahl, Stephan and Anandkumar, Aditya and Ford, Clay and Volcic, Robert and De Rosario, Helios},
	year = {2017},
	date = {2017}
}

@book{debruine2021,
	title = {faux: Simulation for Factorial Designs},
	author = {DeBruine, Lisa},
	year = {2021},
	month = {09},
	date = {2021-09-17},
	publisher = {Zenodo},
	doi = {10.5281/ZENODO.2669586},
	url = {https://zenodo.org/record/2669586},
	note = {Language: en
DOI: 10.5281/ZENODO.2669586}
}

@article{nuijten2016,
	title = {The prevalence of statistical reporting errors in psychology (1985{\textendash}2013)},
	author = {Nuijten, {Michèle B.} and Hartgerink, Chris H. J. and van Assen, Marcel A. L. M. and Epskamp, Sacha and Wicherts, Jelte M.},
	year = {2016},
	month = {12},
	date = {2016-12-01},
	journal = {Behavior Research Methods},
	pages = {1205--1226},
	volume = {48},
	number = {4},
	doi = {10.3758/s13428-015-0664-2},
	url = {https://doi.org/10.3758/s13428-015-0664-2},
	langid = {en}
}

@article{williamson2000,
	title = {Statistical review by research ethics committees},
	author = {Williamson, P. and Hutton, J. L. and Bliss, J. and Blunt, J. and Campbell, M. J. and Nicholson, R.},
	year = {2000},
	date = {2000},
	journal = {Journal of the Royal Statistical Society: Series A (Statistics in Society)},
	pages = {5--13},
	volume = {163},
	number = {1},
	doi = {10.1111/1467-985X.00152},
	url = {https://onlinelibrary.wiley.com/doi/abs/10.1111/1467-985X.00152},
	note = {{\_}eprint: https://onlinelibrary.wiley.com/doi/pdf/10.1111/1467-985X.00152},
	langid = {en}
}

@article{batterham2005,
	title = {How big does my sample need to be? A primer on the murky world of sample size estimation},
	author = {Batterham, Alan M. and Atkinson, Greg},
	year = {2005},
	month = {08},
	date = {2005-08-01},
	journal = {Physical Therapy in Sport},
	pages = {153--163},
	volume = {6},
	number = {3},
	doi = {10.1016/j.ptsp.2005.05.004},
	url = {https://www.sciencedirect.com/science/article/pii/S1466853X05000714},
	langid = {en}
}

@article{coretta,
	title = {Multidimensional signals and analytic flexibility: Estimating degrees of freedom in human speech analyses},
	author = {Coretta, Stefano and Casillas, Joseph and {[participating authors]},  and Roettger, Timo B.},
	journal = {Advances in Methods and Practices in Psychological Science}
}

@article{buchanan2019,
	title = {LAB: Linguistic Annotated Bibliography {\textendash} a searchable portal for normed database information},
	author = {Buchanan, Erin M. and Valentine, K. D. and Maxwell, Nicholas P.},
	year = {2019},
	month = {08},
	date = {2019-08-01},
	journal = {Behavior Research Methods},
	pages = {1878--1888},
	volume = {51},
	number = {4},
	doi = {10.3758/s13428-018-1130-8},
	url = {https://doi.org/10.3758/s13428-018-1130-8},
	langid = {en}
}

@article{brysbaert2018,
	title = {Power Analysis and Effect Size in Mixed Effects Models: A Tutorial},
	author = {Brysbaert, Marc and Stevens, {Michaël}},
	year = {2018},
	month = {01},
	date = {2018-01-12},
	journal = {Journal of Cognition},
	pages = {9},
	volume = {1},
	number = {1},
	doi = {10.5334/joc.10},
	url = {http://www.journalofcognition.org/articles/10.5334/joc.10/},
	langid = {en}
}

@article{rousselet,
	title = {An introduction to the bootstrap: a versatile method to make inferences by using data-driven simulations},
	author = {Rousselet, Guillaume and Pernet, Dr Cyril and Wilcox, Rand R.},
	doi = {10.31234/osf.io/h8ft7},
	langid = {en-us}
}

@article{balota2007,
	title = {The English Lexicon Project},
	author = {Balota, David A. and Yap, Melvin J. and Hutchison, Keith A. and Cortese, Michael J. and Kessler, Brett and Loftis, Bjorn and Neely, James H. and Nelson, Douglas L. and Simpson, Greg B. and Treiman, Rebecca},
	year = {2007},
	month = {08},
	date = {2007-08-01},
	journal = {Behavior Research Methods},
	pages = {445--459},
	volume = {39},
	number = {3},
	doi = {10.3758/BF03193014},
	url = {https://doi.org/10.3758/BF03193014},
	langid = {en}
}

@article{brysbaert2014,
	title = {Concreteness ratings for 40 thousand generally known English word lemmas},
	author = {Brysbaert, Marc and Warriner, Amy Beth and Kuperman, Victor},
	year = {2014},
	month = {09},
	date = {2014-09},
	journal = {Behavior Research Methods},
	pages = {904--911},
	volume = {46},
	number = {3},
	doi = {10.3758/s13428-013-0403-5},
	url = {http://link.springer.com/10.3758/s13428-013-0403-5},
	langid = {en}
}
